@misc{zephyr_intro,
  author       = {{Zephyr Project}},
  title        = {Introduction --- Zephyr Project Documentation},
  year         = {2025},
  howpublished = {\url{https://docs.zephyrproject.org/latest/introduction/index.html}},
  note         = {[Accessed: Oct. 11, 2025]}
}

@misc{zephyr_website,
  author       = {{Zephyr Project}},
  title        = {Zephyr Project},
  year         = {2025},
  howpublished = {\url{https://www.zephyrproject.org/}},
  note         = {[Accessed: 11-Oct-2025]}
}

@misc{zephyr_west,
  author       = {{Zephyr Project}},
  title        = {West (Zephyr's meta-tool)},
  year         = {2025},
  howpublished = {\url{https://docs.zephyrproject.org/latest/develop/west/index.html}},
  note         = {[Accessed: 11-Oct-2025]}
}

@misc{zephyr_sockets_api,
  author       = {{Zephyr Project}},
  title        = {BSD Sockets (Zephyr) â€” Zephyr Project Documentation},
  howpublished = {\url{https://docs.zephyrproject.org/latest/connectivity/networking/api/sockets.html}},
  note         = {[Accessed: 11-Oct-2025]}
}

@online{raw_sockets_limitations,
  author = {Choffnes, David},
  title  = {Understanding Raw Sockets: Use Cases and Limitations},
  url    = {https://david.choffnes.com/classes/cs4700sp16/project4.php},
  note   = {Accessed: 2025-10-11}
}

@online{oracle_sockets,
  author       = {{Oracle Corporation}},
  title        = {Overview of Sockets},
  howpublished = {\url{https://docs.oracle.com/cd/E26502_01/html/E35299/sockets-42163.html}},
  note         = {Accessed: 2025-10-11}
}

@book{iot_book_protocols,
  title={Designing the Internet of Things},
  author={McEwen, Adrian and Cassimally, Hakim},
  year={2014},
  publisher={John Wiley \& Sons}
}

@techreport{coap_rfc,
  title={{The Constrained Application Protocol (CoAP)}},
  author={Shelby, Z. and Hartke, K. and Bormann, C.},
  institution={IETF},
  type={RFC 7252},
  year={2014},
  number={7252},
  month={June},
  url={https://www.rfc-editor.org/rfc/rfc7252.html}
}

@misc{zephyr_device_driver_model,
  author       = {{Zephyr Project}},
  title        = {Device Driver Model},
  year         = 2025,
  url          = {https://docs.zephyrproject.org/latest/kernel/drivers/index.html},
  note         = {Accessed: 2025-10-11}
}


@misc{zephyr_ota_updates,
  author       = {{Zephyr Project}},
  title        = {Over-the-Air (OTA) Updates},
  year         = 2025,
  url          = {https://docs.zephyrproject.org/latest/services/device_mgmt/ota.html},
  note         = {Accessed: 2025-10-11}
}

@misc{mcuboot_design,
  author       = {{MCUboot Project}},
  title        = {MCUboot Design},
  year         = {2025},
  url          = {https://docs.mcuboot.com/design.html},
  note         = {Accessed: 2025-10-11}
}

@misc{ibm_containers_vs_vms,
  author       = {{IBM Cloud Team}},
  title        = {Containers versus Virtual Machines (VMs): What's the difference?},
  year         = 2025,
  url          = {https://www.ibm.com/think/topics/containers-vs-vms},
  note         = {Accessed: 2025-10-11}
}

@misc{docker_overview,
  author       = {{Docker Inc.}},
  title        = {What is Docker?},
  year         = 2024,
  url          = {https://docs.docker.com/get-started/docker-overview/},
  note         = {Accessed: 2025-10-11}
}

@misc{podman_overview,
  author       = {{Podman Team}},
  title        = {Podman Documentation},
  year         = 2025,
  url          = {https://docs.podman.io/en/latest/},
  note         = {Accessed: 2025-10-11}
}

@misc{redhat_podman_overview,
  author       = {{Red Hat}},
  title        = {What is Podman?},
  year         = 2024,
  url          = {https://www.redhat.com/en/topics/containers/what-is-podman},
  note         = {Accessed: 2025-10-11}
}

@inproceedings{zhang2015,
author={Zhang, Wei and Jia, Weijia},
booktitle={2015 IEEE 29th International Conference on Advanced Information Networking and Applications Workshops (WAINA)},
title={Cost-function-based network selection strategy in integrated wireless and mobile networks},
year={2015},
pages={492-497},
doi={10.1109/WAINA.2015.11},
publisher={IEEE}
}

@inproceedings{navaratnarajah2017,
author={Navaratnarajah, Sathyan and Dianati, Mehrdad and Tafazolli, Rahim},
booktitle={2017 IEEE Wireless Communications and Networking Conference (WCNC)},
title={Congestion-aware distributed network selection for integrated cellular and Wi-Fi networks},
year={2017},
pages={1-6},
doi={10.1109/WCNC.2017.7925761},
publisher={IEEE}
}

@inproceedings{li2018,
author={Li, Yan and Liu, Huazhong},
booktitle={2018 10th International Conference on Communication Software and Networks (ICCSN)},
title={A Heterogeneous Network Selection Algorithm Based on Network Attribute and User Preference},
year={2018},
pages={365-369},
doi={10.1109/ICCSN.2018.8488344},
publisher={IEEE}
}

@article{sun2019,
author={Sun, Hongbo},
title={WiFi Offloading Algorithm Based on Q-Learning and MADM in Heterogeneous Networks},
journal={Wireless Communications and Mobile Computing},
volume={2019},
year={2019},
pages={1-9},
doi={10.1155/2019/1978434},
publisher={Hindawi}
}